@conference{icissp18,
author={Iman Sharafaldin and Arash Habibi Lashkari and Ali A. Ghorbani},
title={Toward Generating a New Intrusion Detection Dataset and Intrusion Traffic Characterization},
booktitle={Proceedings of the 4th International Conference on Information Systems Security and Privacy - Volume 1: ICISSP},
year={2018},
pages={108-116},
publisher={SciTePress},
organization={INSTICC},
doi={10.5220/0006639801080116},
isbn={978-989-758-282-0},
}

@article{Khraisat2019,
author={Khraisat, Ansam
and Gondal, Iqbal
and Vamplew, Peter
and Kamruzzaman, Joarder},
title={Survey of intrusion detection systems: techniques, datasets and challenges},
journal={Cybersecurity},
year={2019},
month={Jul},
day={17},
volume={2},
number={1},
pages={20},
issn={2523-3246},
doi={10.1186/s42400-019-0038-7},
url={https://doi.org/10.1186/s42400-019-0038-7}
}

@article{Leevy2020,
author={Leevy, Joffrey L.
and Khoshgoftaar, Taghi M.},
title={A survey and analysis of intrusion detection models based on CSE-CIC-IDS2018 Big Data},
journal={Journal of Big Data},
year={2020},
month={Nov},
day={23},
volume={7},
number={1},
pages={104},
issn={2196-1115},
doi={10.1186/s40537-020-00382-x},
url={https://doi.org/10.1186/s40537-020-00382-x}
}

@article{Iglesias2015,
author={Iglesias, F{\'e}lix
and Zseby, Tanja},
title={Analysis of network traffic features for anomaly detection},
journal={Machine Learning},
year={2015},
month={Oct},
day={01},
volume={101},
number={1},
pages={59-84},
issn={1573-0565},
doi={10.1007/s10994-014-5473-9},
url={https://doi.org/10.1007/s10994-014-5473-9}
}

@InProceedings{Velan2016,
author={Velan, P.
and Medkov{\'a}, J.
and Jirs{\'i}k, T.
and {\v{C}}eleda, P.},
title={Network traffic characterisation using flow-based statistics},
booktitle={NOMS 2016 - 2016 IEEE/IFIP Network Operations and Management Symposium},
series={NOMS 2016 - 2016 IEEE/IFIP Network Operations and Management Symposium},
year={2016},
pages={907-912},
issn={2374-9709},
doi={10.1109/NOMS.2016.7502924},
url={https://doi.org/10.1109/NOMS.2016.7502924}
}


@article{Liu2019,
author = {Liu, Hongyu and Lang, Bo},
title = {Machine Learning and Deep Learning Methods for Intrusion Detection Systems: A Survey},
journal = {Applied Sciences},
volume = {9},
year = {2019},
number = {20},
article-number = {4396},
url = {https://www.mdpi.com/2076-3417/9/20/4396},
issn = {2076-3417},
doi = {10.3390/app9204396}
}



